% You can generate BibTeX-style bibliography entries from e.g Google Scholar (Cite -> BibTeX)

@misc{ex1,
    title={Exercise 1},
    howpublished={\url{https://github.com/lima92/EEDS/raw/master/Ex1/Ex1_Report.pdf}},
    note={Accessed: 07.03.2015}
}

@book{wolf2012computers,
  title={Computers as Components, Principles of Embedded Computing System Design, 3rd ed.},
  author={Wolf, M.},
  isbn={9780123884367},
  year={2012},
  publisher={Elsevier}
}
@misc{efm32referencemanual,
    title={EFM32GG Reference Manual},
    howpublished={\url{http://www.silabs.com/Support\%20Documents/TechnicalDocs/EFM32GG-RM.pdf}},
    note={Accessed: 06.02.2015}

}
@misc{cortexm3,
    title={An Introduction to the ARM Cortex-M3 Processor},
    howpublished={\url{http://www.arm.com/files/pdf/introToCortex-M3.pdf}},
    note={Accessed: 06.02.2015}
}

@misc{interrupt,
    title={EFM32 Interrupt Handling},
    howpublished={\url{http://www.silabs.com/Support%20Documents/TechnicalDocs/AN0039.pdf}},
    note={Accessed: 08.02.2015}
}

